<record><leader>00000cas a2200000 a 4500</leader><controlfield tag="001">13730845</controlfield><controlfield tag="008">860613d1878192uinuwr ne      0    0eng c</controlfield><datafield ind1=" " ind2=" " tag="010"><subfield code="a">sn 86058619 </subfield></datafield><datafield ind1=" " ind2=" " tag="040"><subfield code="a">NPI</subfield><subfield code="b">eng</subfield><subfield code="c">NPI</subfield><subfield code="d">OCLCQ</subfield><subfield code="d">IUL</subfield><subfield code="d">OCLCF</subfield></datafield><datafield ind1=" " ind2=" " tag="042"><subfield code="a">pcc</subfield></datafield><datafield ind1=" " ind2=" " tag="043"><subfield code="a">n-us-in</subfield></datafield><datafield ind1="0" ind2=" " tag="130"><subfield code="a">New Castle democrat (New Castle, Ind.)</subfield></datafield><datafield ind1="1" ind2="0" tag="245"><subfield code="a">New Castle democrat.</subfield></datafield><datafield ind1=" " ind2=" " tag="260"><subfield code="a">New Castle, Ind. :</subfield><subfield code="b">John M. Goar, Cy. Crawford,</subfield><subfield code="c">1878-</subfield></datafield><datafield ind1=" " ind2=" " tag="300"><subfield code="a">v. :</subfield><subfield code="b">ill. (chiefly advertisements) ;</subfield><subfield code="c">57-63 cm.</subfield></datafield><datafield ind1=" " ind2=" " tag="310"><subfield code="a">Weekly</subfield></datafield><datafield ind1="0" ind2=" " tag="362"><subfield code="a">Vol. 1, no. 1 (Jan. 19, 1878)-</subfield></datafield><datafield ind1=" " ind2=" " tag="500"><subfield code="a">Published by: M.L. Reed, &lt;Sept. 1885-&gt;</subfield></datafield><datafield ind1=" " ind2=" " tag="580"><subfield code="a">Daily eds.: New Castle evening news; Daily times (New Castle, Ind.); New Castle daily times (New Castle, Ind.); and: New Castle times (New Castle, Ind. : 1922).</subfield></datafield><datafield ind1=" " ind2=" " tag="588"><subfield code="a">Latest issue consulted: Vol. 25, no. 52 (Dec. 26, 1924).</subfield></datafield><datafield ind1=" " ind2="0" tag="651"><subfield code="a">New Castle (Ind.)</subfield><subfield code="v">Newspapers.</subfield></datafield><datafield ind1=" " ind2="0" tag="651"><subfield code="a">Henry County (Ind.)</subfield><subfield code="v">Newspapers.</subfield></datafield><datafield ind1=" " ind2="7" tag="655"><subfield code="a">Newspapers.</subfield><subfield code="2">fast</subfield><subfield code="0">(OCoLC)fst01423814</subfield></datafield><datafield ind1=" " ind2="7" tag="651"><subfield code="a">Indiana</subfield><subfield code="z">Henry County.</subfield><subfield code="2">fast</subfield><subfield code="0">(OCoLC)fst01209009</subfield></datafield><datafield ind1=" " ind2="7" tag="651"><subfield code="a">Indiana</subfield><subfield code="z">New Castle.</subfield><subfield code="2">fast</subfield><subfield code="0">(OCoLC)fst01236657</subfield></datafield><datafield ind1=" " ind2=" " tag="752"><subfield code="a">United States</subfield><subfield code="b">Indiana</subfield><subfield code="c">Henry</subfield><subfield code="d">New Castle.</subfield></datafield><datafield ind1="1" ind2=" " tag="775"><subfield code="t">New Castle evening news</subfield></datafield><datafield ind1="1" ind2=" " tag="775"><subfield code="t">Daily times (New Castle, Ind.)</subfield><subfield code="w">(DLC)sn 86058602</subfield><subfield code="w">(OCoLC)13730640</subfield></datafield><datafield ind1="1" ind2=" " tag="775"><subfield code="t">New Castle daily times (New Castle, Ind.)</subfield><subfield code="w">(DLC)sn 86058601</subfield><subfield code="w">(OCoLC)13730643</subfield></datafield><datafield ind1="1" ind2=" " tag="775"><subfield code="t">New Castle times (New Castle, Ind. : 1922)</subfield><subfield code="w">(DLC)sn 86058600</subfield><subfield code="w">(OCoLC)13730660</subfield></datafield><datafield ind1="4" ind2="1" tag="856"><subfield code="u">https://access.newspaperarchive.com/us/indiana/new-castle/new-castle-democrat/</subfield></datafield></record>